@book{Schatten2010,
title = {Best Practice Software-Engineering : Eine praxiserprobte Zusammenstellung von komponentenorientierten Konzepten, Methoden und Werkzeugen},
series = {SpringerLink : Bücher},
author = {Alexander Schatten},
editor = {Biffl, Stefan and Markus Demolsky and Erik Gostischa-Franta and Thomas Oestreicher and Winkler, Dietmar},
address = {Heidelberg},
publisher = {Spektrum Akademischer Verlag},
year = {2010},
isbn = {978-3-8274-2487-7}
}
@book{Steyer2017,
title = {Webanwendungen mit ASP.NET MVC und Razor : Ein kompakter und praxisnaher Einstieg},
series = {SpringerLink : Bücher},
author = {Steyer, Ralph},
address = {Wiesbaden},
publisher = {Springer Vieweg},
year = {2017},
isbn = {978-3-658-18376-9}
}
@book{Fink2014,
title = {Pro Single Page Application Development : Using Backbone.js and ASP.NET},
series = {SpringerLink : Bücher},
author = {Gil Fink},
editor = {Flatow, Ido},
address = {Berkeley, CA},
publisher = {Apress},
year = {2014},
isbn = {978-143-026-674-7},
}
@book{Jaeger2008,
title = {Ajax in der Praxis : Grundlagen, Konzepte, Lösungen},
series = {Xpert.pressSpringerLink : Bücher},
editor = {Kai Jäger},
address = {Berlin, Heidelberg},
publisher = {Springer Berlin Heidelberg},
year = {2008},
isbn = {978-3-540-69334-5},
keywords = {Ajax <Informatik> ; Computer science / Software engineering / Computer Science}
}
@misc{Magnucki2017,
title = {App-Entwicklung mit SAPUI5 und OData},
editor = {Rico Magnucki},
publisher = {mindsquare},
year = {2017},
url = {https://mission-mobile.de/download/e-book-app-entwicklung/},
urldate = {2019-01-05}
}
@inproceedings{Kojarski2006,
 author = {Kojarski, Sergei and Lorenz, David H.},
 title = {Modeling Aspect Mechanisms: A Top-down Approach},
 booktitle = {Proceedings of the 28th International Conference on Software Engineering},
 series = {ICSE '06},
 year = {2006},
 isbn = {1-59593-375-1},
 location = {Shanghai, China},
 pages = {212--221},
 numpages = {10},
 acmid = {1134316},
 publisher = {ACM},
 address = {New York, NY, USA},
 keywords = {AOP, AspectJ, DFD, Hyper/J, aspect mechanism, crosscutting concerns, definition, nonreactive, open classes, reactive, taxonomy, top-down classification, weaving process model (WPM)},
} 
@misc{SAP2013,
title = {Getting Started with SAPUI5},
editor = {SAP},
publisher = {SAP AG},
year = {2013},
url = {https://www.selflearningsap.com/SAPUI5.pdf},
urldate = {2019-01-05}
}
@book{Antolovic2014,
title = {Einführung in SAPUI5},
series = {SAP PRESS},
author = {Antolovic, Miroslav},
address = {Bonn},
publisher = {Galileo Press},
year = {2014},
edition = {1},
keywords = {SAPUI5 ; Benutzeroberfläche / Programmierung / SAP NetWeaver}
}
@misc{UI5Doku1,
editor = {SAP},
title = {OpenUI5 API Reference},
url = {https://openui5.hana.ondemand.com/#/api/sap.m.ButtonType/properties},
urldate = {2019-01-05}
}



